<?xml version="1.0" encoding="UTF-8"?><collection xmlns="http://www.loc.gov/MARC21/slim"><record><leader>00391nam--2200133-i-4500</leader><controlfield tag="001">000010321</controlfield><controlfield tag="002">20161230</controlfield><controlfield tag="005">20170218234128</controlfield><controlfield tag="008">060222s1000------------r-----000-0-eng-d</controlfield><datafield ind1=" " ind2=" " tag="245"><subfield code="a">Design of transistor switching circuits for data-processing equipment</subfield></datafield><datafield ind1=" " ind2=" " tag="260"><subfield code="a">Harrison, N.J</subfield><subfield code="b">Radio Corp.Of America</subfield><subfield code="c">1966</subfield></datafield><datafield ind1=" " ind2=" " tag="300"><subfield code="a">41 p</subfield></datafield><datafield ind1=" " ind2=" " tag="852"><subfield code="a">017:621.382.3:621.374</subfield></datafield><datafield ind1=" " ind2=" " tag="CAT"><subfield code="a">SYS</subfield><subfield code="c">20170218</subfield><subfield code="h">234128</subfield></datafield></record></collection>